@ONLINE{ref1,
	author = {IVARS PETERSON},
	year = {2015},
	title = {Riding on Square Wheels},
	howpublished = {\url{https://www.sciencenews.org/article/riding-square-wheels}}
}
@ONLINE{ref2,
	author = {FREYMAN ART},
	year = {2013},
	title = {Square Wheeled Bicycle on a Catenary Curve},
	howpublished = {\url{https://www.youtube.com/watch?v=0BtZcmEkFsI}}
}
@ONLINE{ref3,
	author = {ALLAN BISHOP},
	year = {2015},
	title = {Box2D Tutorials},
	howpublished = {\url{http://blog.allanbishop.com/tutorials/}},
}
@ONLINE{ref4,
	author = { },
	year = {2013},
	title = {Box2D Manual},
	howpublished = {\url{http://box2d.org/manual.pdf}}
}
@ONLINE{ref5,
	author = {Sourabh Ghurye},
	year = {2013},
	title = {cs251 Base code},
	howpublished = {\url{http://www.cse.iitb.ac.in/~sourabhghurye/box2d/html/}}
}
@ONLINE{ref6,
	author = { },
	year = {2013},
	title = {Box2d forum},
	howpublished = {\url{http://box2d.org/forum/viewtopic.php?f=19&t=9489}}
}
@ONLINE{ref7,
	author = { },
	year = {2013},
	title = {Stackoverflow},
	howpublished = {\url{http://stackoverflow.com/questions/14746312/spring-effect-in-box2djs}}
}
@ONLINE{ref8,
	author = { },
	year = {2013},
	title = { },
	howpublished = {\url{https://libgdx.badlogicgames.com/nightlies/docs/api/com/badlogic/gdx/physics/box2d/joints/DistanceJointDef.html}}
}
@ONLINE{ref9,
	author = {AA mod},
	year = {2013},
	title = {Project},
	howpublished = {\url{http://www.cse.iitb.ac.in/~aamod/cs296/project/html/classcs296_1_1dominos__t.html}}
}
@ONLINE{ref10,
	author = {},
	year = {2013},
	title = {Iforce2D},
	howpublished = {\url{http://www.iforce2d.net/b2dtut/bodies}}
}
@ONLINE{ref11,
	author = {},
	year = {2013},
	title = {Iforce2D},
	howpublished = {\url{http://www.iforce2d.net/b2dtut/rotate-to-angle}}
}

